@article{lin2017randomized,
  author = {Lin, L.},
  title = {Randomized estimation of spectral densities of large matrices made accurate},
  journal = {Numerische Mathematik},
  year = {2017},
  volume = {136},
  pages = {183--213},
  doi = {10.1007/s00211-016-0837-7},
}

@book{dirac1947quantum,
  author = {Dirac, P. A. M.},
  title = {The Principles of Quantum Mechanics},
  year = {1947},
  publisher = {Oxford University Press},
  edition = {third},
}

@book{trefethen2019chebyshev,
  author = {Trefethen, L. N.},
  title = {Approximation Theory and Approximation Practice},
  year = {2019},
  publisher = {Society for Industrial and Applied Mathematics},
  doi = {10.1137/1.9781611975949},
}

@article{trefethen2008gauss,
  author = {Trefethen, L. N.},
  title = {Is {Gauss} Quadrature Better than {Clenshaw-Curtis}?},
  journal = {SIAM Review},
  year = {2008},
  volume = {50},
  number = {1},
  pages = {67-87},
  doi = {10.1137/060659831},
}

@article{hutchinson1990trace,
  author = {Hutchinson, M. F.},
  title = {A stochastic estimator of the trace of the influence matrix for {Laplacian} smoothing splines},
  journal = {Communication in Statistics -- Simulation and Computation},
  year = {1990},
  volume = {19},
  number = {2},
  pages = {433--450},
  doi = {10.1080/03610919008812866},
}

@book{horn1985matrix,
  author = {Horn, R. A. and Johnson, C. R.},
  title = {Matrix Analysis},
  year = {1985},
  publisher = {Cambridge University Press},
  doi = {10.1017/CBO9780511810817},
}

@book{higham2008functions,
  author = {Higham, N. J.},
  title = {Functions of Matrices},
  year = {2008},
  publisher = {Society for Industrial and Applied Mathematics},
  doi = {10.1137/1.9780898717778},
}

@book{meinardus1967approximation,
  author = {Meinardus, G.},
  title = {Approximation of Functions: Theory and Numerical Methods},
  year = {1967},
  publisher = {Springer Berlin},
  doi = {10.1007/978-3-642-85643-3},
}

@article{beckermann2017rank,
  author = {Beckermann, B. and Townsend, A.},
  title = {On the Singular Values of Matrices with Displacement Structure},
  journal = {SIAM Journal on Matrix Analysis and Applications},
  year = {2017},
  volume = {38},
  number = {4},
  pages = {1227--1248},
  doi = {10.1137/16M1096426},
}

@inproceedings{noga2013rank,
  author = {Alon, N. and Lee, T. and Shraibman, A. and Vempala, S.},
  title = {The Approximate Rank of a Matrix and Its Algorithmic Applications: Approximate Rank},
  year = {2013},
  publisher = {Association for Computing Machinery},
  booktitle = {Proceedings of the Forty-Fifth Annual ACM Symposium on Theory of Computing},
  pages = {675--684},
  doi = {10.1145/2488608.2488694},
}

@article{mirsky1960truncation,
  author = {Mirsky, L.},
  title = {Symmetric Gauge Functions and unitarily invariant norms},
  journal = {The Quarterly Journal of Mathematics},
  year = {1960},
  volume = {11},
  number = {1},
  pages = {50--59},
  doi = {10.1093/qmath/11.1.50},
}

@article{gittens2013nystrom,
  author = {Gittens, A. and Mahoney, M. W.},
  title = {Revisiting the {Nystr\"om} Method for Improved Large-Scale Machine Learning},
  year = {2016},
  volume = {17},
  number = {1},
  journal = {Journal of Machine Learning Research},
  pages = {3977--4041},
  url = {http://jmlr.org/papers/v17/gittens16a.html},
}

@article{baszenski1997cosine,
  author = {Baszenski, G. and Tasche, M.},
  title = {Fast polynomial multiplication and convolutions related to the discrete cosine transform},
  journal = {Linear Algebra and its Applications},
  volume = {252},
  number = {1},
  pages = {1--25},
  year = {1997},
  doi = {10.1016/0024-3795(95)00696-6},
}

@article{meyer2021hutch,
  author = {Meyer, R. A. and Musco, C. and Musco, C. and Woodruff, D. P.},
  title = {{Hutch++}: Optimal Stochastic Trace Estimation}, 
  journal = {arXiv},
  year = {2021},
  doi = {10.48550/arXiv.2010.09649},
}

@article{ghorbani2019investigation,
  author = {Behrooz, G. and Shankar, K. and Ying, X.},
  title = {An Investigation into Neural Net Optimization via {Hessian} Eigenvalue Density}, 
  journal = {arXiv},
  year = {2019},
  doi = {10.48550/arXiv.1901.10159},
}

@article{haydock1972electronic,
  author = {Haydock, R. and Heine, V. and  Kelly, M. J.},
  title = {Electronic structure based on the local atomic environment for tight-binding bands},
  journal = {Journal of Physics C: Solid State Physics},
  year = {1972},
  volume = {5},
  number = {20},
  pages = {2845},
  doi = {10.1088/0022-3719/5/20/004},
}

@article{ducastelle1970charge,
  author = {Ducastelle, F. and Cyrot-Lackmann, F.},
  title = {Moments developments and their application to the electronic charge distribution of d bands},
  journal = {Journal of Physics and Chemistry of Solids},
  year = {1970},
  volume = {31},
  number = {6},
  pages = {1295--1306},
  doi = {10.1016/0022-3697(70)90134-4},
}

@article{lin2016review,
  author = {Lin, L. and Saad, Y. and Yang, C.},
  title = {Approximating Spectral Densities of Large Matrices},
  journal = {SIAM Review},
  volume = {58},
  number = {1},
  pages = {34--65},
  year = {2016},
  doi = {10.1137/130934283},
}

@article{chen2021slq,
  author = {Chen, T. and Trogdon, T. and Ubaru, S.},
  title = {Analysis of stochastic {Lanczos} quadrature for spectrum approximation}, 
  journal = {arXiv},
  year = {2021},
  doi = {10.48550/arXiv.2105.06595},
}

@article{ubaru2017lanczos,
  author = {Ubaru, S. and Chen, J. and Saad, Y.},
  title = {Fast Estimation of \$tr(f(A))\$ via Stochastic {Lanczos} Quadrature},
  journal = {SIAM Journal on Matrix Analysis and Applications},
  year = {2017},
  volume = {38},
  number = {4},
  pages = {1075--1099},
  doi = {10.1137/16M1104974},
}

@article{weisse2006kpm,
  author = {Weisse, A. and Wellein, G. and Alvermann, A. and Fehske, H.},
  title = {The kernel polynomial method},
  journal = {Reviews of Modern Physics},
  year = {2006},
  volume = {78},
  issue = {1},
  pages = {275--306},
  doi = {10.1103/RevModPhys.78.275},
}

@article{halko2011finding,
  author = {Halko, N. and Martinsson, P. G. and Tropp, J. A.},
  title = {Finding Structure with Randomness: Probabilistic Algorithms for Constructing Approximate Matrix Decompositions},
  journal = {SIAM Review},
  year = {2011},
  volume = {53},
  number = {2},
  pages = {217--288},
  doi = {10.1137/090771806},
}

@article{tropp2023randomized,
  author = {Tropp, J. A. and Webber, R. J.},
  title = {Randomized algorithms for low-rank matrix approximation: Design, analysis, and applications}, 
  journal = {arXiv},
  year = {2023},
  doi = {10.48550/arXiv.2306.12418},
}

@article{makhoul1980fct,
  author = {Makhoul, J.},
  title = {A fast cosine transform in one and two dimensions}, 
  journal = {IEEE Transactions on Acoustics, Speech, and Signal Processing}, 
  year = {1980},
  volume = {28},
  number = {1},
  pages = {27--34},
  doi = {10.1109/TASSP.1980.1163351},
}

@article{penrose1955pseudo,
  author = {Penrose, R.},
  title = {A generalized inverse for matrices},
  journal = {Mathematical Proceedings of the Cambridge Philosophical Society},
  year = {1955},
  volume = {51},
  number = {3},
  publisher = {Cambridge University Press},
  pages = {406--413},
  doi = {10.1017/S0305004100030401},
}

@book{cormen2009algorithms,
  author = {Cormen, T. H. and Leiserson, C. E. and Rivest, R. L.},
  title = {Introduction to Algorithms},
  publisher = {MIT Press},
  year = {2009},
  edition = {third},
  isbn = {978-0-262-53305-8},
}

@article{kressner2023randomized,
  author = {Kressner, D. and Lam, H. L.},
  title = {Randomized low-rank approximation of parameter-dependent matrices}, 
  journal = {arXiv},
  year = {2023},
  doi = {10.48550/arXiv.2302.12761},
}

@article{cortinovis2023speeding,
  author = {Cortinovis, A. and Kressner, D. and Nakatsukasa, Y.},
  title = {Speeding up {Krylov} subspace methods for computing f(A)b via randomization}, 
  journal = {arXiv},
  year = {2023},
  doi = {10.48550/arXiv.2212.12758},
}

@article{epanechnikov1969kernel,
  author = {Epanechnikov, V. A.},
  title = {Non-Parametric Estimation of a Multivariate Probability Density},
  journal = {Theory of Probability \& Its Applications},
  year = {1969},
  volume = {14},
  number = {1},
  pages = {153--158},
  doi = {10.1137/1114019},
}

@book{gauss1799demonstratio,
  author = {Gauss, C. F.},
  title = {Demonstratio nova theorematis omnem functionem algebraicam rationalem integram unius variabilis in factores reales primi vel secundi gradus resolvi posse},
  year = {1799},
  series = {Nineteenth Century Collections Online (NCCO): Science, Technology, and Medicine: 1780-1925},
  publisher = {Fleckeisen},
}

@article{tropp2017sketching,
  author = {Tropp, J. A. and Yurtsever, A. and Udell, M. and Cevher, V.},
  title = {Practical Sketching Algorithms for Low-Rank Matrix Approximation},
  journal = {SIAM Journal on Matrix Analysis and Applications},
  year = {2017},
  volume = {38},
  number = {4},
  pages = {1454--1485},
  doi = {10.1137/17M1111590},
}

@article{woodruff2014sketching,
  author = {Woodruff, D. P.},
  title = {Sketching as a Tool for Numerical Linear Algebra},
  journal = {Foundations and Trends in Theoretical Computer Science},
  year = {2014},
  volume = {10},
  number = {1--2},
  pages = {1--157},
  doi = {10.1561/0400000060},
}

@article{persson2022hutch,
  author = {Persson, D. and Cortinovis, A. and Kressner, D.},
  title = {Improved Variants of the {Hutch++} Algorithm for Trace Estimation},
  journal = {SIAM Journal on Matrix Analysis and Applications},
  year = {2022},
  volume = {43},
  number = {3},
  pages = {1162--1185},
  doi = {10.1137/21M1447623},
}

@article{adepu2021hessian,
  author = {Sankar, A. and Khasbage, Y. and Vigneswaran, R. and Balasubramanian, V.},
  title = {A Deeper Look at the {Hessian} Eigenspectrum of Deep Neural Networks and its Applications to Regularization},
  journal = {Proceedings of the AAAI Conference on Artificial Intelligence},
  year = {2021},
  month = {05},
  pages = {9481--9488},
  volume = {35},
  doi = {10.1609/aaai.v35i11.17142}
}

@inproceedings{huang2021kernels,
  author = {Huang, L. and Graven, A. J. and Bindel, D.},
  title = {Density of States Graph Kernels},
  year = {2021},
  publisher = {Society for Industrial and Applied Mathematics},
  booktitle = {Proceedings of the 2021 SIAM International Conference on Data Mining (SDM)},
  pages = {289--297},
  doi = {10.1137/1.9781611976700.33},
}

@article{patane2022filter,
  author = {Patane, G.},
  title = {Fourier-Based and Rational Graph Filters for Spectral Processing},
  journal = {IEEE Transactions on Pattern Analysis and Machine Intelligence},
  year = {2022},
  volume = {PP},
  doi = {10.1109/TPAMI.2022.3177075},
}

@article{kruzick2018graph,
  author = {Kruzick, S. and Moura, J. M. F.},
  title = {Graph Signal Processing: Filter Design and Spectral Statistics}, 
  journal = {arXiv},
  year = {2018},
  doi = {10.48550/arXiv.1802.10145},
}

@book{klenke2013probability,
  author = {Klenke, A.},
  title = {Probability Theory},
  year = {2013},
  publisher = {Springer London},
  edition = {second},
  doi = {10.1007/978-1-4471-5361-0},
}

@article{chen2023kpm,
  author = {Chen, T.},
  title = {A spectrum adaptive kernel polynomial method},
  journal = {The Journal of Chemical Physics},
  volume = {159},
  number = {11},
  pages = {114101},
  year = {2023},
  doi = {10.1063/5.0166678},
}

@article{silver1994kpm,
  author = {Silver, R. N. and Röder, H.},
  title = {Densities of states of mega-dimensional {Hamiltonian} matrices},
  journal = {International Journal of Modern Physics C},
  year = {1994},
  volume = {05},
  number = {04},
  pages = {735--753},
  doi = {10.1142/S0129183194000842},
}

@article{wang1994kpm,
  author = {Wang, L.-W.},
  title = {Calculating the density of states and optical-absorption spectra of large quantum systems by the plane-wave moments method},
  journal = {Physical Review B},
  year = {1994},
  volume = {49},
  pages = {10154--10158},
  doi = {10.1103/PhysRevB.49.10154},
}

@book{quarteroni2007numerical,
  author = {Quarteroni, A. and Sacco, R. and Saleri, F.},
  title = {Numerical Mathematics},
  year = {2007},
  publisher = {Springer Berlin Heidelberg},
  address = {Berlin, Heidelberg},
  doi = {10.1007/978-3-540-49809-4\_9},
}

@book{hefferon2012linear,
  author = {Hefferon, J.},
  title = {Linear Algebra},
  year = {2012},
  publisher = {CreateSpace Independent Publishing Platform},
  series = {VCU mathematics textbook series},
  isbn = {979-8362590277},
}

@article{frangella2023preconditioning,
  author = {Frangella, Z. and Tropp, J. A. and Udell, M.},
  title = {Randomized {Nystr\"om} Preconditioning},
  journal = {SIAM Journal on Matrix Analysis and Applications},
  year = {2023},
  volume = {44},
  number = {2},
  pages = {718--752},
  doi = {10.1137/21M1466244},
}

@article{lanczos1950iteration,
  author = {Lanczos, C.},
  title = {An Iteration Method for the Solution of the Eigenvalue Problem of Linear Differential and Integral Operators},
  journal = {Journal of Research of the National Bureau of Standards},
  year = {1950},
  volume = {45},
  pages = {255--282},
  doi = {10.6028/jres.045.026},
}

@article{fan2020spectrum,
  author = {Fan, T. and Shuman, D. I. and Ubaru, S. and Saad, Y.},
  title = {Spectrum-Adapted Polynomial Approximation for Matrix Functions with Applications in Graph Signal Processing},
  journal = {Algorithms},
  volume = {13},
  year = {2020},
  number = {11},
  doi = {10.3390/a13110295},
}

@article{polizzi2009density,
  author = {Polizzi, E.},
  title = {Density-matrix-based algorithm for solving eigenvalue problems},
  journal = {Physical Review B},
  year = {2009},
  volume = {79},
  issue = {11},
  pages = {115112},
  doi = {10.1103/PhysRevB.79.115112},
}

@article{li2019slicing,
  author = {Li, R. and Xi, Y. and Erlandson, L. and Saad, Y.},
  title = {The Eigenvalues Slicing Library ({EVSL}): Algorithms, Implementation, and Software},
  journal = {SIAM Journal on Scientific Computing},
  year = {2019},
  volume = {41},
  number = {4},
  pages = {C393--C415},
  doi = {10.1137/18M1170935},
}

@article{epperly2023xtrace,
  author = {Epperly, E. N. and Tropp, J. A. and Webber, R. J.},
  title = {{XTrace}: Making the most of every sample in stochastic trace estimation}, 
  journal = {arXiv},
  year = {2023},
  doi = {10.48550/arXiv.2301.07825},
}

@article{wigner1958distribution,
  author = {Wigner, E. P.},
  title = {On the Distribution of the Roots of Certain Symmetric Matrices},
  journal = {Annals of Mathematics},
  year = {1958},
  volume = {67},
  number = {2},
  pages = {325--327},
  doi = {10.2307/1970008},
}

@article{zhou2011spectrum,
  author = {Zhou, Y. and Li, R.-C.},
  title = {Bounding the spectrum of large {H}ermitian matrices},
  journal = {Linear Algebra and its Applications},
  year = {2011},
  volume = {435},
  number = {3},
  pages = {480--493},
  doi = {10.1016/j.laa.2010.06.034},
}

@article{ahmed1970chebyshev,
  author = {Ahmed, N. and Fisher, P. S.},
  title = {Study of algorithmic properties of {C}hebyshev coefficients},
  journal = {International Journal of Computer Mathematics},
  year = {1968},
  volume = {2},
  number = {1-4},
  pages = {307--317},
  doi = {10.1080/00207167008803043},
}

@article{he2023parameter,
  author = {He, H. and Kressner, D. and Lam, H. L. and Matti, F.},
  title = {Parameter Dependent {Nystrom++} with application in Spectral Density Function Theory}, 
  journal = {In preparation},
  year = {2024},
}
